@book{james2013introduction,
	title={An introduction to statistical learning with applications in R*},
	author={James, Gareth and Witten, Daniela and Hastie, Trevor and Tibshirani, Robert},
	volume={6},
	year={2013},
	publisher={Springer}
}

@book{Rebala2019,
	abstract = {Talked about what Machine Learning is - Reviewed some of the key problems machine learning solves - Reviewed some of the key algorithms - Looked at an example - Any Questions?.},
	address = {Cham},
	author = {Rebala, Gopinath and Ravi, Ajay and Churiwala, Sanjay},
	booktitle = {Cmg Impact 2019},
	doi = {10.1007/978-3-030-15729-6},
	file = {:D$\backslash$:/Mendeley{\_}biblio/Rebala, Ravi, Churiwala - 2019 - An Introduction to Machine Learning.pdf:pdf},
	isbn = {978-3-030-15728-9},
	issn = {09521976},
	mendeley-groups = {Machine{\_}Learning Books},
	publisher = {Springer International Publishing},
	title = {{An Introduction to Machine Learning}},
	url = {http://link.springer.com/10.1007/978-3-030-15729-6},
	year = {2019}
}
@book{Burger2018,
	archivePrefix = {arXiv},
	arxivId = {0904.3664v1},
	author = {Burger, Scott V.},
	booktitle = {Academic Press Library in Signal Processing: Volume 1 Signal Processing Theory and Machine Learning},
	eprint = {0904.3664v1},
	file = {:D$\backslash$:/Mendeley{\_}biblio/Burger - 2018 - Introduction to machine learning with R - Rigorous mathematical modeling.pdf:pdf},
	isbn = {978-1-491-97644-9},
	issn = {10959572},
	mendeley-groups = {Machine{\_}Learning Books},
	pmid = {21172442},
	publisher = {O'Reilly},
	title = {{Introduction to machine learning with R - Rigorous mathematical modeling}},
	volume = {1},
	year = {2018}
}
