@Manual{R-base,
  title = {R: A Language and Environment for Statistical Computing},
  author = {{R Core Team}},
  organization = {R Foundation for Statistical Computing},
  address = {Vienna, Austria},
  year = {2020},
  url = {https://www.R-project.org/},
}

@Manual{R-caret,
  title = {caret: Classification and Regression Training},
  author = {Max Kuhn},
  year = {2020},
  note = {R package version 6.0-86},
  url = {https://github.com/topepo/caret/},
}

@Manual{R-class,
  title = {class: Functions for Classification},
  author = {Brian Ripley},
  year = {2020},
  note = {R package version 7.3-17},
  url = {http://www.stats.ox.ac.uk/pub/MASS4/},
}

@Manual{R-ISLR,
  title = {ISLR: Data for an Introduction to Statistical Learning with
Applications in R},
  author = {Gareth James and Daniela Witten and Trevor Hastie and Rob Tibshirani},
  year = {2017},
  note = {R package version 1.2},
  url = {http://www.StatLearning.com},
}

@Manual{R-ROCR,
  title = {ROCR: Visualizing the Performance of Scoring Classifiers},
  author = {Tobias Sing and Oliver Sander and Niko Beerenwinkel and Thomas Lengauer},
  year = {2020},
  note = {R package version 1.0-11},
  url = {http://ipa-tys.github.io/ROCR/},
}

@Book{class2002,
  title = {Modern Applied Statistics with S},
  author = {W. N. Venables and B. D. Ripley},
  publisher = {Springer},
  edition = {Fourth},
  address = {New York},
  year = {2002},
  note = {ISBN 0-387-95457-0},
  url = {http://www.stats.ox.ac.uk/pub/MASS4},
}

@Article{ROCR2005,
  entry = {article},
  title = {ROCR: visualizing classifier performance in R},
  author = {T. Sing and O. Sander and N. Beerenwinkel and T. Lengauer},
  year = {2005},
  journal = {Bioinformatics},
  volume = {21},
  number = {20},
  pages = {7881},
  url = {http://rocr.bioinf.mpi-sb.mpg.de},
}

